% How to cite webpage: https://tex.stackexchange.com/questions/3587/how-can-i-use-bibtex-to-cite-a-web-page
%%%%%%%%%%%%%%%%%%%%%%%%%%%%%
@misc{covid19effects,
  title = {Effects of COVID-19 on Mental Health and Financial Security},
  author = {Nguyen, Huong T. and Do, Binh N. and Pham, Khanh M. and Kim, Giang B. and Dam, Huyen T. B. and Nguyen, Tam T. and Nguyen, Tuyet T. and Nguyen, Y. H. and Do, Thuong N.},
  howpublished = {\url{https://www.ncbi.nlm.nih.gov/pmc/articles/PMC7550468/}},
  note = {Accessed: 2024-08-24}
}

@misc{nyctaxidata,
  title = {NYC Taxi Trip Record Data},
  author = {{NYC Taxi and Limousine Commission}},
  howpublished = {\url{https://www.nyc.gov/site/tlc/about/tlc-trip-record-data.page}},
  note = {Accessed: 2024-08-25}
}

@misc{nyceventsdata,
  title = {NYC Permitted Event Information Historical Data},
  author = {{NYC Open Data}},
  howpublished = {\url{https://data.cityofnewyork.us/City-Government/NYC-Permitted-Event-Information-Historical/bkfu-528j/about_data}},
  note = {Accessed: 2024-08-25}
}

@misc{nceidailydata,
  title = {NOAA Daily Summaries for Central Park, NY (Station: USW00094728)},
  author = {{National Centers for Environmental Information (NCEI)}},
  howpublished = {\url{https://www.ncei.noaa.gov/data/daily-summaries/access/USW00094728.csv}},
  note = {Accessed: 2024-08-25}
}

@misc{nyctaxidatadictionary,
  title = {NYC Taxi Trip Record Data Dictionary},
  author = {{NYC Taxi and Limousine Commission}},
  howpublished = {\url{https://www.nyc.gov/assets/tlc/downloads/pdf/data_dictionary_trip_records_yellow.pdf}},
  note = {Accessed: 2024-08-25}
}

@misc{nyctaxifares,
  title = {NYC Taxi Fare Information},
  author = {{NYC Taxi and Limousine Commission}},
  howpublished = {\url{https://home.nyc.gov/site/tlc/passengers/taxi-fare.page}},
  note = {Accessed: 2024-08-25}
}


% You should lookup the entries defined in bibtex to properly format your .bib file